@article{10046363,
author = {Gay, Ralph H. and Davis, Robert A. and Phillips, Don T. and Sui, Daniel Z.},
title = {{Modeling Paradigm for the Environmental Impacts of the Digital Economy}},
journal = {Journal of Organizational Computing and Electronic Commerce},
volume = {15},
number = {1},
pages = {61-82},
year = {2005}
}


@INPROCEEDINGS{924525, 
author={Matthews, H.S. and Hendrickson, C.T. and Soh, D.}, 
booktitle={Electronics and the Environment, 2001. Proceedings of the 2001 IEEE International Symposium on}, 
title={{The Net Effect: Environmental Implications of E-commerce and Logistics}}, 
year={2001}, 
pages={191-195}, 
keywords={Internet;electronic commerce;environmental factors;goods distribution;home shopping;logistics data processing;marketing;Internet;analysis system boundaries;best-selling books;book retailing;cost;e-commerce;e-commerce business model;e-commerce logistics;energy;environment;environmental implications;environmental savings;input assumptions;inventories reduction;logistics;logistics networks;net effect;packaging materials;private auto travel;product delivery;product fulfilment;product marketing;product selling;retail methods;return rate;Books;Companies;Computer aided manufacturing;Costs;Environmentally friendly manufacturing techniques;Internet;Logistics;Manufacturing processes;Packaging;Pollution}, 
doi={10.1109/ISEE.2001.924525}, 
ISSN={1095-2020},}


@INPROCEEDINGS{6360455, 
author={Junbeum Kim and Rohmer, S.}, 
booktitle={Electronics Goes Green 2012+ (EGG), 2012}, 
title={{Electronic Billing vs. Paper Billing: Dematerialization, Energy Consumption and Environmental Impacts}}, 
year={2012}, 
month={Sept}, 
pages={1-4}, 
keywords={computer centres;electronic money;energy conservation;invoicing;EBP system;LCA;PBP system;US;bill distribution;computer payments;data center;dematerialization;electronic billing and payment;energy consumption;envelop production;environmental impacts;life cycle assessment method;operation servers;paper billing and payment;paper production;Abstracts;Computational modeling;Meteorology;Presses;Servers;World Wide Web},}


@INPROCEEDINGS{1208069, 
author={Loerincik, Y. and Sangwon Suh and Jolliet, O.}, 
booktitle={{IEEE International Symposium on Electronics and the Environment.}, 
title={{Life cycle environmental impact of the Internet infrastructure in a university}}, 
year={2003}, 
month={May}, 
pages={173-176}, 
doi={10.1109/ISEE.2003.1208069}, 
ISSN={1095-2020}
}

@online{cnnreport,
  author = {{Statistic Brain Research Institute}},
  title = {{Business Card Statistics}},
  howpublished = {\url{http://www.statisticbrain.com/business-card-statistics/}},
  year = {2012}, 
  note = {[Online; accessed 05-February-2015]}
}


@article{s3758490,
  title={{Smart 2020: Enabling the Low Carbon Economy in the Information Age}},
  author={Webb, Molly and others},
  journal={The Climate Group. London},
  volume={1},
  number={1},
  year={2008}
}

@article{7282419,
  title={{Sustainable ICT in Further and Higher Education-A Report for the Joint Information Services Committee (JISC)}},
  author={James, P and Hopkinson, L},
  journal={SusteIT, London UK},
  year = {2009}
}


@article{Hilty20061618,
title = {{The relevance of information and communication technologies for environmental sustainability – A prospective simulation study}},
journal = {Environmental Modelling and Software},
volume = "21",
number = "11",
pages = "1618 - 1629",
year = "2006",
issn = "1364-8152",
doi = "http://dx.doi.org/10.1016/j.envsoft.2006.05.007",
author = "Lorenz M. Hilty and Peter Arnfalk and Lorenz Erdmann and James Goodman and Martin Lehmann and Patrick A. Wäger"

}


@INPROCEEDINGS{6083606, 
author={Egyedi, T. and Muto, S.}, 
booktitle={Standardization and Innovation in Information Technology (SIIT), 2011 7th International Conference on}, 
title={{Standards for ICT - A green strategy in a grey sector}}, 
year={2011}, 
month={Sept}, 
pages={1-10}, 
keywords={DP industry;economics;grey systems;standards;IT industry;compatibility standards;grey sector;mobile phone charger;Consumer electronics;Economics;Electronic waste;Energy consumption;Europe;ISO standards}, 
doi={10.1109/SIIT.2011.6083606},}


@article{Bull201410,
title = {{Comparative life cycle assessments: The case of paper and digital media}},
journal = "Environmental Impact Assessment Review ",
volume = "45",
pages = "10 - 18",
year = "2014",
note = "",
issn = "0195-9255",
doi = "http://dx.doi.org/10.1016/j.eiar.2013.10.001",
author = "Justin G. Bull and Robert A. Kozak",

}



@article {cooper2006life,
author = {Cooper, Joyce Smith and Fava, James A.},
title = {{Life-Cycle Assessment Practitioner Survey: Summary of Results}},
journal = {Journal of Industrial Ecology},
volume = {10},
number = {4},
publisher = {MIT Press},
issn = {1530-9290},
pages = {12--14},
year = {2006},
}


@article{sinden2009contribution,
  title={{The contribution of PAS 2050 to the evolution of international greenhouse gas emission standards}},
  author={Sinden, Graham},
  journal={The International Journal of Life Cycle Assessment},
  volume={14},
  number={3},
  pages={195--203},
  year={2009},
  publisher={Springer}
}

@article{choi2006life,
  title={{Life Cycle Assessment of a Personal Computer and its Effective Recycling Rate}},
  author={Choi, Byung-Chul and Shin, Hang-Sik and Lee, Su-Yol and Hur, Tak},
  journal={The International Journal of Life Cycle Assessment},
  volume={11},
  number={2},
  pages={122--128},
  year={2006},
  publisher={Springer}
}

@article{lu2006balancing,
  title={{Balancing the life cycle impacts of notebook computers: Taiwan's experience}},
  author={Lu, Li-Teh and Wernick, Iddo K and Hsiao, Teng-Yuan and Yu, Yue-Hwa and Yang, Ya-Mei and Ma, Hwong-Wen},
  journal={Resources, Conservation and Recycling},
  volume={48},
  number={1},
  pages={13--25},
  year={2006},
  publisher={Elsevier}
}


@article {frey2006ecological,
author = {Frey, Sibylle D. and Harrison, David J. and Billett, Eric H.},
title = {{Ecological Footprint Analysis Applied to Mobile Phones}},
journal = {Journal of Industrial Ecology},
volume = {10},
number = {1-2},
publisher = {MIT Press},
issn = {1530-9290},
doi = {10.1162/108819806775545330},
pages = {199--216},
keywords = {bioproductive area, electronic products, environmental indicator, industrial ecology, information and communications, technology (ICT), natural capital accounting},
year = {2006},
}



@article{malmodin2013future,
  title={{The future carbon footprint of the ICT and E\&M sectors}},
  author={Malmodin, Jens and Bergmark, Pernilla and Lund{\'e}n, Dag},
  journal={on Information and Communication Technologies},
  pages={12--20},
  year={2013}
}

@INPROCEEDINGS{6728838, 
author={Lintern, M.A. and Chen, R. and Carroll, S. and Walsh, C.}, 
booktitle={Hybrid and Electric Vehicles Conference 2013 (HEVC 2013), IET}, 
title={{Simulation study on the measured difference in fuel consumption between real-world driving and ECE-15 of a hybrid electric vehicle}}, 
year={2013}, 
month={Nov}, 
pages={1-6},
doi={10.1049/cp.2013.1918},}



@article{ISO140402006,
  title={{14040: Environmental Management--Life Cycle Assessment--Principles and Framework}},
  author={ISO, ISO14040},
  journal={London: British Standards Institution},
  year={2006}
}


@article{rebitzer2004life,
  title={{Life cycle assessment: Part 1: Framework, goal and scope definition, inventory analysis, and applications}},
  author={Rebitzer, Gerald and Ekvall, Tomas and Frischknecht, R and Hunkeler, D and Norris, G and Rydberg, T and Schmidt, W-P and Suh, Sangwon and Weidema, B Pennington and Pennington, DW},
  journal={Environment international},
  volume={30},
  number={5},
  pages={701--720},
  year={2004},
  publisher={Elsevier}
}

@inproceedings{Moshnyaga:2013,
 author = {Moshnyaga, Vasily G.},
 title = {{Lifecycle Energy Assessment of Mobile Applications}},
 booktitle = {Proceedings of the 2013 International Workshop on Software Development Lifecycle for Mobile},
 series = {DeMobile 2013},
 year = {2013},
 isbn = {978-1-4503-2312-3},
 location = {Saint Petersburg, Russia},
 pages = {17--23},
 numpages = {7},
 acmid = {2501557},
 publisher = {ACM},
 address = {New York, NY, USA},
 keywords = {application lifecycle assessment, carbon emission, energy consumption, mobile, software},
} 


@inproceedings{enroth2009,
  title={{Environmental impact of printed and electronic teaching aids, a screening study focusing on fossil carbon dioxide emissions}},
  author={Enroth, Maria},
  booktitle={Advances in Printing Science and Technology, Proceedings of the 36th International Research Conference of iariagi, Stockholm, Sweden},
  volume={36},
  pages={23--30},
  year={2009}
}


@article {zurkirch2000,
author = {Zurkirch, Manfred and Reichart, Inge},
title = {{Environmental Impacts of Telecommunication Services}},
journal = {Greener Management International},
volume = {2000},
number = {32},
year = {2000},
pages = {70-88},
doi = {10.9774/GLEAF.3062.2000.wi.00008}
}


@INPROCEEDINGS{kozak2003, 
author={Kozak, G.L. and Keolelan, G.A.}, 
booktitle={Electronics and the Environment, 2003. IEEE International Symposium on}, 
title={{Printed Scholarly Books and E-book Reading Devices: A Comparative Life Cycle Assessment of Two Book Options}}, 
year={2003}, 
month={May}, 
pages={291-296}, 
keywords={air pollution;electronic publishing;water pollution;air pollutant emissions;college student;digitized information;e-book reading devices;environmentally informed decisions;life cycle assessment;life-cycle assessment;life-cycle burdens;material;policy makers;primary energy;printed scholarly books;sensitivity analysis;solid wastes;water pollutant emissions;water requirements;Air pollution;Books;Consumer electronics;Educational institutions;Electronic publishing;Environmentally friendly manufacturing techniques;Industrial pollution;Solids;Waste materials;Water pollution}, 
doi={10.1109/ISEE.2003.1208092}, 
ISSN={1095-2020},}

@article{hischier2003m,
year={2003},
issn={0948-3349},
journal={The International Journal of Life Cycle Assessment},
volume={8},
number={4},
doi={10.1007/BF02978472},
title={{Multifunctional Electronic Media-Traditional Media}},
author={Hischier, Roland and Reichart, Inge},
pages={201-208}
}


@article{ekvall2001allocation,
  title={Allocation in ISO 14041—a critical review},
  author={Ekvall, Tomas and Finnveden, G{\"o}ran},
  journal={Journal of cleaner production},
  volume={9},
  number={3},
  pages={197--208},
  year={2001},
  publisher={Elsevier}
}



@INPROCEEDINGS{moshnyaga2013assessment, 
author={Moshnyaga, Vasiliy G.}, 
booktitle={Cloud and Green Computing (CGC), 2013 Third International Conference on}, 
title={{Assessment of Software Lifecycle Energy and its Contribution to Green House Gas Emissions}}, 
year={2013}, 
month={Sept}, 
pages={197-198}, 
keywords={Linux;air pollution;energy consumption;power aware computing;software development management;Linux 3.2 kernel;energy-conscious software development;energy-conscious software management;environmental load reduction;green house gas emissions;software lifecycle energy assessment;software production;total energy consumption;Air pollution;Computers;Energy consumption;Green products;Linux;Production;Software;carbon emission;energy consumption;lifecycle assessment;software}, 
doi={10.1109/CGC.2013.37},}


@article {joshi1999product,
author = {Joshi, Satish},
title = {{Product Environmental Life-Cycle Assessment Using Input-Output Techniques}},
journal = {Journal of Industrial Ecology},
volume = {3},
number = {2-3},
publisher = {MIT Press},
issn = {1530-9290},
pages = {95--120},
keywords = {automobile fuel tanks, design for environment (DfE), input-output analysis, ISO 14000, life-cycle assessment (LCA), product evaluation},
year = {1999},
}


@article{reap2008survey,
  title={{A survey of unresolved problems in life cycle assessment}},
  author={Reap, John and Roman, Felipe and Duncan, Scott and Bras, Bert},
  journal={The International Journal of Life Cycle Assessment},
  volume={13},
  number={5},
  pages={374--388},
  year={2008},
  publisher={Springer}
}

@article{owens1997life,
  title={{Life-cycle assessment: Constraints on moving from inventory to impact assessment}},
  author={Owens, JW},
  journal={Journal of Industrial Ecology},
  volume={1},
  number={1},
  pages={37--49},
  year={1997},
  publisher={Wiley Online Library}
}

@article{finnveden1997valuation,
  title={{Valuation methods within LCA-Where are the values?}},
  author={Finnveden, G{\"o}ran},
  journal={The International Journal of Life Cycle Assessment},
  volume={2},
  number={3},
  pages={163--169},
  year={1997},
  publisher={Springer}
}

@article{ehrenfeld1997importance,
  title={{The importance of LCAs—warts and all}},
  author={Ehrenfeld, John R},
  journal={Journal of Industrial Ecology},
  volume={1},
  number={2},
  pages={41--49},
  year={1997},
  publisher={Wiley Online Library}
}

@article{finnveden2000limitations,
  title={{On the limitations of life cycle assessment and environmental systems analysis tools in general}},
  author={Finnveden, G{\"o}ran},
  journal={The International Journal of Life Cycle Assessment},
  volume={5},
  number={4},
  pages={229--238},
  year={2000},
  publisher={Springer}
}

@inproceedings{arnold1993life,
  title={Life cycle doesn't work},
  author={Arnold, Frank},
  booktitle={The Environmental Forum},
  volume={5},
  pages={19--23},
  year={1993}
}

@article{arnold1995environmental,
  title={Why environmental life cycle assessment doesn't work},
  author={Arnold, Frank},
  journal={Journal of Environmental Law \& Practice},
  volume={2},
  number={5},
  pages={4--14},
  year={1995}
}

@article{pas20082050,
  title={{2050: 2008 Specification for the assessment of the life cycle greenhouse gas emissions of goods and services}},
  author={PAS BSI},
  journal={British Standards Institution},
  year={2008}
}


@article{iso2006environmental,
  title={{14025: Environmental Labels and Declarations--Type III Environmental Declarations--Principles and Procedures}},
  author={ISO, ISO},
  journal={British Standard Institution},
  year={2006}
}



@article{finkbeiner201340s,
  title={From the 40s to the 70s—the future of LCA in the ISO 14000 family},
  author={Finkbeiner, Matthias},
  journal={The International Journal of Life Cycle Assessment},
  pages={1--4},
  year={2013},
  publisher={Springer}
}


@INPROCEEDINGS{farrant2012environmental, 
author={Farrant, L. and Le Guern, Y.}, 
booktitle={Electronics Goes Green 2012+ (EGG), 2012}, 
title={{Which environmental impacts for ICT? - LCA case study on electronic mail}}, 
year={2012}, 
month={Sept}, 
pages={1-5}, 
keywords={DP industry;computer centres;electronic mail;environmental factors;life cycle costing;power consumption;printed circuit manufacture;ADEME;French Environment and Energy Management Agency;ICT;LCA case study;data storage;datacenter equipment;document transmission;domestic users;electricity consumption;electronic mail;end-user computer manufacturing;environmental impacts;equipment end-of-life;life cycle assessment;manufacturing phase impacts;printed wiring board production;professional users;working environment;Computers;Electric potential;Electricity;Electronic mail;Manufacturing;Printing;Receivers},}



@article {gard2002digital,
author = {Gard, David L. and Keoleian, Gregory A.},
title = {{Digital versus Print: Energy Performance in the Selection and Use of Scholarly Journals}},
journal = {Journal of Industrial Ecology},
volume = {6},
number = {2},
publisher = {MIT Press},
issn = {1530-9290},
doi = {10.1162/108819802763471825},
pages = {115--132},
keywords = {digital library, electronic publishing, information and communications technology (ICT), Internet, life-cycle assessment (LCA), life-cycle energy analysis},
year = {2002},
}



@article{junnila2008life,
  title={{Life cycle management of energy-consuming products in companies using IO-LCA}},
  author={Junnila, Seppo},
  journal={The International Journal of Life Cycle Assessment},
  volume={13},
  number={5},
  pages={432--439},
  year={2008},
  publisher={Springer}
}

@article{hermann2007assessing,
  title={{Assessing environmental performance by combining life cycle assessment, multi-criteria analysis and environmental performance indicators}},
  author={Hermann, BG and Kroeze, C and Jawjit, W},
  journal={Journal of Cleaner Production},
  volume={15},
  number={18},
  pages={1787--1796},
  year={2007},
  publisher={Elsevier}
}

@article{curran2005international,
  title={{The international workshop on electricity data for life cycle inventories}},
  author={Curran, Mary Ann and Mann, Margaret and Norris, Gregory},
  journal={Journal of Cleaner Production},
  volume={13},
  number={8},
  pages={853--862},
  year={2005},
  publisher={Elsevier}
}



@article{moberg2011books,
  title={Books from an environmental perspective—Part 2: e-books as an alternative to paper books},
  author={Moberg, {\AA}sa and Borggren, Clara and Finnveden, G{\"o}ran},
  journal={The International Journal of Life Cycle Assessment},
  volume={16},
  number={3},
  pages={238--246},
  year={2011},
  publisher={Springer}
}

@article{schmidt2009environmental,
  title={Environmental impacts from digital solutions as an alternative to conventional paper-based solutions},
  author={Schmidt, Anders and Hedal Kl{\"o}fverpris, N},
  journal={FORCE Technology, Lyngby},
  year={2009}
}

@article{koljonen2008environmental,
  title={The environmental impact on mail: a baseline},
  author={Koljonen, Denice},
  journal={Pitney Bowes},
  volume={6},
  year={2008}
}

@book{jungbluth2011environmental,
  title={Environmental impacts of Swiss consumption and production: a combination of input-output analysis with life cycle assessment},
  author={Jungbluth, Niels and Stucki, Matthias and Leuenberger, Marianne},
  year={2011},
  publisher={Federal Office for the Environment FOEN}
}


@article{matthews2000extending,
  title={{Extending the Boundaries of Life-Cycle Assessment Through Environmental Economic Input-Output Models}},
  author={Matthews, H Scott and Small, Mitchell J},
  journal={Journal of Industrial Ecology},
  volume={4},
  number={3},
  pages={7--10},
  year={2000},
  publisher={MIT PRESS}
}

@inproceedings{pathak2012energy,
  title={Where is the energy spent inside my app?: fine grained energy accounting on smartphones with eprof},
  author={Pathak, Abhinav and Hu, Y Charlie and Zhang, Ming},
  booktitle={Proceedings of the 7th ACM european conference on Computer Systems},
  pages={29--42},
  year={2012},
  organization={ACM}
}


@inproceedings{zhang2010accurate,
 author = {Zhang, Lide and Tiwana, Birjodh and Qian, Zhiyun and Wang, Zhaoguang and Dick, Robert P. and Mao, Zhuoqing Morley and Yang, Lei},
 title = {{Accurate Online Power Estimation and Automatic Battery Behavior Based Power Model Generation for Smartphones}},
 booktitle = {Proceedings of the Eighth IEEE/ACM/IFIP International Conference on Hardware/Software Codesign and System Synthesis},
 series = {CODES/ISSS '10},
 year = {2010},
 isbn = {978-1-60558-905-3},
 location = {Scottsdale, Arizona, USA},
 pages = {105--114},
 numpages = {10},
 doi = {10.1145/1878961.1878982},
 acmid = {1878982},
 publisher = {ACM},
 address = {New York, NY, USA},
 keywords = {battery, mobile phones, power modeling},
} 


@ONLINE{EnergyDownload,
author = {K. Craig-Wood},
title = {Energy of downloads},
month = October,
year = {2010},
publisher={MEMSet Hosting}
url = {https://www.katescomment.com/energy-of-downloads/}
}

@ONLINE{Mellon,
author = {{Carnegie Mellon University Green Design Institute}},
title = {{Economic Input-Output Life Cycle Assessment (EIO-LCA) US 2002 (428 sectors) Purchaser model}},
month = October,
year = {2014},
url = {http://www.eiolca.net/}
}


@ONLINE{Flurry,
author = {S, Khalaf},
title = { Flurry Five-Year Report: It's an App World. The Web Just Lives in It},
month = April,
year = {2013},
url = {http://www.flurry.com/bid/95723/Flurry-Five-Year-Report-It-s-an-App-World-The-Web-Just-Lives-in-It}
}